<?xml version="1.0" encoding="UTF-8" ?>
<collection xmlns:xsi="http://www.w3.org/2001/XMLSchema-instance"
    xsi:schemaLocation="http://www.loc.gov/MARC21/slim
        http://www.loc.gov/standards/marcxml/schema/MARC21slim.xsd"
    xmlns="http://www.loc.gov/MARC21/slim">
<record>
  <leader>00237cam a2200445 i 4500</leader>
  <controlfield tag="001">b12408001</controlfield>
  <controlfield tag="003">LeBAU</controlfield>
  <controlfield tag="005">20190314</controlfield>
  <controlfield tag="008">970401s1952    ua acf   b    1|0 0 ara d</controlfield>
  <datafield tag="035" ind1=" " ind2=" ">
    <subfield code="a">ocn784301999</subfield>
  </datafield>
  <datafield tag="040" ind1=" " ind2=" ">
    <subfield code="a">LEAUB</subfield>
    <subfield code="b">ara</subfield>
    <subfield code="e">rda</subfield>
    <subfield code="c">LEAUB</subfield>
    <subfield code="d">LEAUB</subfield>
  </datafield>
  <datafield tag="082" ind1="0" ind2="4">
    <subfield code="a">330.962</subfield>
    <subfield code="2">20</subfield>
  </datafield>
  <datafield tag="111" ind1="2" ind2=" ">
    <subfield code="6">880-01</subfield>
    <subfield code="a">Muʼtamar al-iqtiṣād al-zirāʻī</subfield>
    <subfield code="n">(1 :</subfield>
    <subfield code="d">1952 :</subfield>
    <subfield code="c">Cairo, Egypt)</subfield>
  </datafield>
  <datafield tag="245" ind1="1" ind2="0">
    <subfield code="6">880-02</subfield>
    <subfield code="a">al-Mashākil al-iqtiṣādīyah wa-al-ijtimāʻīyah al-rīfīyah al-kubrá fī Miṣr :</subfield>
    <subfield code="b">buḥūth wa-tawṣīyāt Muʼtamar al-iqtiṣād al-zirāʻī al-awwal al-munʻaqid bi-Dār al-Jamʻīyah al-Malakīyah lil-Iqtiṣādal-Siyāsī wa-al-Tashrīʻ wa-al-Iḥṣāʼ bi-al-Qāhirah fī al-muddah min 24 ilá 28 Mārs 1952 /</subfield>
    <subfield code="c">al-Jamʻīyah al-Miṣrīyah lil-iqtiṣād al-zirāʻī.</subfield>
  </datafield>
  <datafield tag="264" ind1=" " ind2="1">
    <subfield code="6">880-03</subfield>
    <subfield code="a">al-Qāhirah :</subfield>
    <subfield code="b">Maktabat al-Anjlū al-Miṣrīyah,</subfield>
    <subfield code="c">1952.</subfield>
  </datafield>
  <datafield tag="300" ind1=" " ind2=" ">
    <subfield code="6">880-04</subfield>
    <subfield code="a">243 pages, 1 unnumbered leaf of plates :</subfield>
    <subfield code="b">illustrations, portrait ;</subfield>
    <subfield code="c">24 cm</subfield>
  </datafield>
  <datafield tag="336" ind1=" " ind2=" ">
    <subfield code="a">text</subfield>
    <subfield code="b">txt</subfield>
    <subfield code="2">rdacontent</subfield>
  </datafield>
  <datafield tag="336" ind1=" " ind2=" ">
    <subfield code="a">still image</subfield>
    <subfield code="b">sti</subfield>
    <subfield code="2">rdacontent</subfield>
  </datafield>
  <datafield tag="337" ind1=" " ind2=" ">
    <subfield code="a">unmediated</subfield>
    <subfield code="b">n</subfield>
    <subfield code="2">rdamedia</subfield>
  </datafield>
  <datafield tag="338" ind1=" " ind2=" ">
    <subfield code="a">volume</subfield>
    <subfield code="b">nc</subfield>
    <subfield code="2">rdacarrier</subfield>
  </datafield>
  <datafield tag="504" ind1=" " ind2=" ">
    <subfield code="a">يتضمن مراجع ببليوغرافية.</subfield>
  </datafield>
  <datafield tag="650" ind1=" " ind2="4">
    <subfield code="a">الزراعة</subfield>
    <subfield code="z">مصر</subfield>
    <subfield code="v">مؤتمرات.</subfield>
  </datafield>
  <datafield tag="650" ind1=" " ind2="4">
    <subfield code="a">الزراعة</subfield>
    <subfield code="x">النواحي الإقتصادية</subfield>
    <subfield code="z">مصر</subfield>
    <subfield code="v">مؤتمرات.</subfield>
  </datafield>
  <datafield tag="650" ind1=" " ind2="4">
    <subfield code="a">الزراعة</subfield>
    <subfield code="x">النواحي الإجتماعية</subfield>
    <subfield code="z">مصر</subfield>
    <subfield code="v">مؤتمرات.</subfield>
  </datafield>
  <datafield tag="650" ind1=" " ind2="0">
    <subfield code="a">Agriculture</subfield>
    <subfield code="z">Egypt</subfield>
    <subfield code="v">Congresses.</subfield>
  </datafield>
  <datafield tag="650" ind1=" " ind2="0">
    <subfield code="a">Agriculture</subfield>
    <subfield code="x">Economic aspects</subfield>
    <subfield code="z">Egypt</subfield>
    <subfield code="v">Congresses.</subfield>
  </datafield>
  <datafield tag="650" ind1=" " ind2="0">
    <subfield code="a">Agriculture</subfield>
    <subfield code="x">Social aspects</subfield>
    <subfield code="z">Egypt</subfield>
    <subfield code="v">Congresses.</subfield>
  </datafield>
  <datafield tag="710" ind1="2" ind2=" ">
    <subfield code="6">880-05</subfield>
    <subfield code="a">Jamʻīyah al-Miṣrīyah lil-Iqtiṣād al-Siyāsī wa-al-Iḥṣāʼ wa-al-Tashrīʻ,</subfield>
    <subfield code="e">event place.</subfield>
  </datafield>
  <datafield tag="710" ind1="2" ind2=" ">
    <subfield code="6">880-06</subfield>
    <subfield code="a">الجمعية المصرية للاقتصاد السياسي والإحصاء والتشريع،</subfield>
    <subfield code="e">مكان الحدث. </subfield>
    <subfield code="4">evp.</subfield>
  </datafield>
  <datafield tag="852" ind1=" " ind2=" ">
    <subfield code="a">Jafet Library</subfield>
    <subfield code="e">American University of Beirut, Bliss Street , Beirut, Lebanon.</subfield>
  </datafield>
  <datafield tag="880" ind1="2" ind2=" ">
    <subfield code="6">111-01/(3/r</subfield>
    <subfield code="a">مؤتمر الإقتصاد الزراعي</subfield>
    <subfield code="n">(1 :</subfield>
    <subfield code="d">1952 :</subfield>
    <subfield code="c">القاهرة، مصر)</subfield>
  </datafield>
  <datafield tag="880" ind1="1" ind2="3">
    <subfield code="6">245-02/(3/r</subfield>
    <subfield code="a">المشاكل الإقتصادية والإجتماعية الريفية الكبرى في مصر :</subfield>
    <subfield code="b">بحوث وتوصيات مؤتمر الإقتصاد الزراعي الأول المنعقد بدار الجمعية الملكية للإقتصاد السياسي والتشريع والإحصاء بالقاهرة في المدة من 24 إلى 28 مارس 1952 /</subfield>
    <subfield code="c">الجمعية المصرية للاقتصاد الزراعي. </subfield>
  </datafield>
  <datafield tag="880" ind1=" " ind2="1">
    <subfield code="6">264-03/(3/r</subfield>
    <subfield code="a">القاهرة :</subfield>
    <subfield code="b">مكتبة الانجلو المصرية،</subfield>
    <subfield code="c">1952.</subfield>
  </datafield>
  <datafield tag="880" ind1="2" ind2=" ">
    <subfield code="6">710-05/(3/r</subfield>
    <subfield code="a">الجمعية المصرية للاقتصاد الزراعي،</subfield>
    <subfield code="e">هيئة إصدار. </subfield>
    <subfield code="4">isb.</subfield>
  </datafield>
  <datafield tag="880" ind1=" " ind2=" ">
    <subfield code="6">300-04/(3/r</subfield>
    <subfield code="a">243 صفحة، 1 ورقة لوحات غير مرقمة :</subfield>
    <subfield code="b">مصورات، صورة شخصانية ؛</subfield>
    <subfield code="c">24 سم</subfield>
  </datafield>
  <datafield tag="880" ind1="2" ind2=" ">
    <subfield code="6">710-06/(3/r</subfield>
    <subfield code="a">Jamʻīyah al-Miṣrīyah lil-Iqtiṣād al-Zirāʻī,</subfield>
    <subfield code="e">issuing body.</subfield>
  </datafield>
  <datafield tag="907" ind1=" " ind2=" ">
    <subfield code="a">.b12408001</subfield>
    <subfield code="b">19-03-27</subfield>
    <subfield code="c">11-05-24</subfield>
  </datafield>
  <datafield tag="907" ind1=" " ind2=" ">
    <subfield code="a">.b12408001</subfield>
    <subfield code="b">15-10-15</subfield>
    <subfield code="c">11-05-24</subfield>
  </datafield>
  <datafield tag="945" ind1=" " ind2=" ">
    <subfield code="f">J</subfield>
    <subfield code="a">330.962:M99mA:c.1</subfield>
    <subfield code="i">01014400</subfield>
    <subfield code="j">.i12871485</subfield>
    <subfield code="l">u0503</subfield>
  </datafield>
  <datafield tag="998" ind1=" " ind2=" ">
    <subfield code="a">u05</subfield>
    <subfield code="b">97-04-01</subfield>
    <subfield code="c">m</subfield>
    <subfield code="d">a  </subfield>
    <subfield code="e">-</subfield>
    <subfield code="f">ara</subfield>
    <subfield code="g">ua </subfield>
    <subfield code="h">0</subfield>
    <subfield code="i">1</subfield>
  </datafield>
</record>
</collection>
